@misc{c1,
  title = {{Blockchain Size}},
  howpublished = {\url{https://blockchain.info/charts/blocks-size}}
}

@misc{c2,
  title = {{EOS}},
  howpublished = {\url{https://eos.io/}}
}

@misc{c3,
  title={The hidden costs of delivering IIoT services},
  year={2017},
  publisher={Cisco},
  howpublished = {\url{https://www.jasper.com/sites/default/files/cisco-jasper-hidden-costs-of-delivering-iiot-services-en_2.pdf}}
}

@misc{c4,
  title = {{Raiden Network}},
  howpublished = {\url{https://raiden.network/}}
}


@misc{c5,
  title={Internet of Things (IoT) Market by Software Solution (Real-Time Streaming Analytics, Security Solution, Data Management, Remote Monitoring, and Network Bandwidth Management), Service, Platform, Application Area, and Region - Global Forecast to 2022},
  year={2016},
  publisher={Research and Markets},
  howpublished = {\url{https://www.jasper.com/sites/default/files/cisco-jasper-hidden-costs-of-delivering-iiot-services-en_2.pdf}}
}

@misc{c6,
  title = {{Tezos: A new digital commonwealth.}},
  howpublished = {\url{https://www.tezos.com/}}
}


@misc{c7,
  title = {{Bitcoin Improvement Proposals.}},
  howpublished = {\url{https://github.com/bitcoin/bips}}
}

@misc{c8,
  title = {{Hyperledger Fabric}},
  howpublished = {\url{https://www.ibm.com/blockchain/hyperledger.html}}
}

@misc{c9,
  title = {{HDAC} Blockchain for IoT},
  howpublished = {\url{https://hdac.io/}}
}

@misc{c10,
  title = {{ITC} Blockchain for IoT},
  howpublished = {\url{https://iotchain.io/}}
}

@misc{c11,
  title = {{Lisk}},
  howpublished = {\url{https://lisk.io/}}
}

@misc{c12,
  title = {Monero -- Private Digital Currency},
  howpublished = {\url{https://getmonero.org/}},
}

@misc{c13,
  title = {{Stellar}},
  howpublished = {\url{https://www.stellar.org/}}
}

@misc{c14,
  title = {Tendermint},
  howpublished = {\url{https://tendermint.com/}}
}

@misc{c15,
  title = {Tendermint Ecosystem},
  howpublished = {\url{https://tendermint.readthedocs.io/en/master/ecosystem.html}}
}

@misc{c16,
  title = {{Zilliqa}},
  howpublished = {\url{https://www.zilliqa.com/}}
}

@misc{c17,
  title = {{WebAssembly}},
  howpublished = {\url{http://webassembly.org/}}
}

%AAAAAAA

%BBBB
@misc{c18,
    author = {Benedikt B\"unz and Jonathan Bootle and Dan Boneh and Andrew Poelstra and Pieter Wuille and Greg Maxwell},
    title = {Bulletproofs: Efficient Range Proofs for Confidential Transactions},
    howpublished = {Cryptology ePrint Archive, Report 2017/1066},
    year = {2017},
    note = {\url{https://eprint.iacr.org/2017/1066}},
}

@article{c19,
  title={Enabling blockchain innovations with pegged sidechains},
  author={Back, Adam and Corallo, Matt and Dashjr, Luke and Friedenbach, Mark and Maxwell, Gregory and Miller, Andrew and Poelstra, Andrew and Tim{\'o}n, Jorge and Wuille, Pieter},
  journal={URL: http://www. opensciencereview. com/papers/123/enablingblockchain-innovations-with-pegged-sidechains},
  year={2014}
}

@Inbook{c20,
author="Benaloh, Josh
and de Mare, Michael",
editor="Helleseth, Tor",
title="One-Way Accumulators: A Decentralized Alternative to Digital Signatures",
bookTitle="Advances in Cryptology --- EUROCRYPT '93: Workshop on the Theory and Application of Cryptographic Techniques Lofthus, Norway, May 23--27, 1993 Proceedings",
year="1994",
publisher="Springer Berlin Heidelberg",
address="Berlin, Heidelberg",
pages="274--285",
isbn="978-3-540-48285-7",
doi="10.1007/3-540-48285-7_24",
url="https://doi.org/10.1007/3-540-48285-7_24"
}

%CCC
@inproceedings{c21,
  title={Practical Byzantine fault tolerance},
  author={Castro, Miguel and Liskov, Barbara and others},
  booktitle={OSDI},
  volume={99},
  pages={173--186},
  year={1999}
}

@Inbook{c22,
author="Chase, Melissa
and Lysyanskaya, Anna",
editor="Dwork, Cynthia",
title="On Signatures of Knowledge",
bookTitle="Advances in Cryptology - CRYPTO 2006: 26th Annual International Cryptology Conference, Santa Barbara, California, USA, August 20-24, 2006. Proceedings",
year="2006",
publisher="Springer Berlin Heidelberg",
address="Berlin, Heidelberg",
pages="78--96",
isbn="978-3-540-37433-6",
doi="10.1007/11818175_5",
url="https://doi.org/10.1007/11818175_5"
}

%EEE
@article{c23,
  title={Ericsson mobility report: On the pulse of the Networked Society},
  author={Ericsson, AB},
  journal={Ericsson, Sweden, Tech. Rep. EAB-14},
  volume={61078},
  year={2015}
}

%FFF
@Inbook{c24,
author="Pedersen, Torben Pryds",
editor="Feigenbaum, Joan",
title="Non-Interactive and Information-Theoretic Secure Verifiable Secret Sharing",
bookTitle="Advances in Cryptology --- CRYPTO '91: Proceedings",
year="1992",
publisher="Springer Berlin Heidelberg",
address="Berlin, Heidelberg",
pages="129--140",
isbn="978-3-540-46766-3",
doi="10.1007/3-540-46766-1_9",
url="https://doi.org/10.1007/3-540-46766-1_9"
}

%GGG
@article{c25,
  title={Candidate indistinguishability obfuscation and functional encryption for all circuits},
  author={Garg, Sanjam and Gentry, Craig and Halevi, Shai and Raykova, Mariana and Sahai, Amit and Waters, Brent},
  journal={SIAM Journal on Computing},
  volume={45},
  number={3},
  pages={882--929},
  year={2016},
  publisher={SIAM}
}

@inproceedings{c26,
  title={Algorand: Scaling byzantine agreements for cryptocurrencies},
  author={Gilad, Yossi and Hemo, Rotem and Micali, Silvio and Vlachos, Georgios and Zeldovich, Nickolai},
  booktitle={Proceedings of the 26th Symposium on Operating Systems Principles},
  pages={51--68},
  year={2017},
  organization={ACM}
}

%KKKK
@inproceedings{c27,
  title={Hawk: The blockchain model of cryptography and privacy-preserving smart contracts},
  author={Kosba, Ahmed and Miller, Andrew and Shi, Elaine and Wen, Zikai and Papamanthou, Charalampos},
  booktitle={Security and Privacy (SP), 2016 IEEE Symposium on},
  pages={839--858},
  year={2016},
  organization={IEEE}
}

%MMM
@article{c28,
  title={ALGORAND: the efficient and democratic ledger},
  author={Micali, Silvio},
  journal={arXiv preprint arXiv:1607.01341},
  year={2016}
}

@inproceedings{c29,
  title={Verifiable random functions},
  author={Micali, Silvio and Rabin, Michael and Vadhan, Salil},
  booktitle={Foundations of Computer Science, 1999. 40th Annual Symposium on},
  pages={120--130},
  year={1999},
  organization={IEEE}
}

%NNNN
@misc{c30,
  title={Bitcoin: A peer-to-peer electronic cash system},
  author={Nakamoto, Satoshi},
  year={2008}
}

@article{c31,
  title={Ring Confidential Transactions},
  author={Noether, Shen and Mackenzie, Adam},
  journal={Ledger},
  volume={Vol. 1},
  year={2016},
  pages="1--18",
  doi="https://doi.org/10.5195/ledger.2016.34",
}

%PPPP
@article{c32,
  title={The tangle},
  author={Popov, Serguei},
  journal={IOTA},
  year={2016}
}

%RRRR
@article{c33,
  title={On data banks and privacy homomorphisms},
  author={Rivest, Ronald L and Adleman, Len and Dertouzos, Michael L},
  journal={Foundations of secure computation},
  volume={4},
  number={11},
  pages={169--180},
  year={1978}
}

@article{c34,
  title={How to leak a secret},
  author={Rivest, Ronald and Shamir, Adi and Tauman, Yael},
  journal={Advances in Cryptologyâ€”ASIACRYPT 2001},
  pages={552--565},
  year={2001},
  publisher={Springer}
}

%SSSSS
@book{c35,
  title={Samsung ARTIK and Successful Strategies for Industrial IoT Deployment},
  author={Samsung},
  year={2016},
  publisher={Samsung}
}

@Inbook{c36,
author="Sun, Shi-Feng
and Au, Man Ho
and Liu, Joseph K.
and Yuen, Tsz Hon",
editor="Foley, Simon N.
and Gollmann, Dieter
and Snekkenes, Einar",
title="RingCT 2.0: A Compact Accumulator-Based (Linkable Ring Signature) Protocol for Blockchain Cryptocurrency Monero",
bookTitle="Computer Security -- ESORICS 2017: 22nd European Symposium on Research in Computer Security, Oslo, Norway, September 11-15, 2017, Proceedings, Part II",
year="2017",
publisher="Springer International Publishing",
address="Cham",
pages="456--474",
isbn="978-3-319-66399-9",
doi="10.1007/978-3-319-66399-9_25",
url="https://doi.org/10.1007/978-3-319-66399-9_25"
}

@misc{c37,
  title={Cryptonote v 2. 0},
  author={van Saberhagen, Nicolas},
  year={2013}
}

%VVV
@misc{c38,
  title = {{Light Clients and Proof of Stake}},
  author = {Vitalik Buterin},
  howpublished = {\url{https://blog.ethereum.org/2015/01/10/light-clients-proof-stake/}}
}

%WWWWWWWW

@article{c39,
  title={Ethereum: A secure decentralised generalised transaction ledger},
  author={Wood, Gavin},
  journal={Ethereum Project Yellow Paper},
  volume={151},
  year={2014}
}

%ZZZZ
@article{c40,
  title={Privacy in the Internet of Things: threats and challenges},
  author={Ziegeldorf, Jan Henrik and Morchon, Oscar Garcia and Wehrle, Klaus},
  journal={Security and Communication Networks},
  volume={7},
  number={12},
  pages={2728--2742},
  year={2014},
  publisher={Wiley Online Library}
}


%%%%%%%%%%%%%%